% Algorithme meanshift
@article{comaniciu2002mean,
  title={Mean shift: A robust approach toward feature space analysis},
  author={Comaniciu, D. and Meer, P.},
  journal={IEEE Transactions on pattern analysis and machine intelligence},
  pages={603--619},
  year={2002},
  publisher={IEEE Computer Society}
}


%ITK label map
@article{lehmann2008label,
  title={Label object representation and manipulation with ITK},
  author={Lehmann, G.},
  journal={Insight J},
  pages={1--34},
  year={2008}
}



% graphes
@article{shi2000normalized,
  title={Normalized cuts and image segmentation},
  author={Shi, J. and Malik, J.},
  journal={Pattern Analysis and Machine Intelligence, IEEE Transactions on},
  volume={22},
  number={8},
  pages={888--905},
  year={2000},
  publisher={IEEE}
}

}

@article{inglada2009qualitative,
  title={Qualitative spatial reasoning for high-resolution remote sensing image analysis},
  author={Inglada, J. and Michel, J.},
  journal={Geoscience and Remote Sensing, IEEE Transactions on},
  volume={47},
  number={2},
  pages={599--612},
  year={2009},
  publisher={IEEE}
}
